@article{oullier2005neural,
  title={Neural substrates of real and imagined sensorimotor coordination},
  author={Oullier, O and Jantzen, KJ and Steinberg, FL and Kelso, JAS},
  journal={Cerebral Cortex},
  volume={15},
  number={7},
  pages={975--985},
  year={2005},
  publisher={Oxford University Press}
}

